@MISC{github,
author = {GitHub},
title = {Social Coding},
howpublished = {\\ \url{http://github.com}}
}

@MISC{celery_doc,
author = {Celery project},
title = {Celery documentation},
howpublished = {\\ \url{http://docs.celeryproject.org/en/latest/reference/celery.html}}
}

@MISC{django_orm,
author = {Django project},
title = {Queryset API reference},
howpublished = {\\ \url{https://docs.djangoproject.com/en/dev/ref/models/querysets/#django.db.models.query.QuerySet.prefetch_related}}
}