@MISC{funzione_costo,
title = {Partitional Clustering},
howpublished = {\\ \url{http://www.springerreference.com/docs/html/chapterdbid/179343.html}},
note = {Accessed: 2014-06-22}
}

@MISC{clustering_gerarchico,
author = {Matteo Matteucci},
title = {Hierarchical Clustering Algorithms},
howpublished = {\\ \url{http://home.deib.polimi.it/matteucc/Clustering/tutorial_html/hierarchical.html}},
note = {Accessed: 2014-06-22}
}

@article {Density_based_clustering,
author = {Kriegel, Hans-Peter and Kröger, Peer and Sander, Jörg and Zimek, Arthur},
title = {Density-based clustering},
journal = {Wiley Interdisciplinary Reviews: Data Mining and Knowledge Discovery},
volume = {1},
number = {3},
publisher = {John Wiley & Sons, Inc.},
issn = {1942-4795},
url = {http://dx.doi.org/10.1002/widm.30},
doi = {10.1002/widm.30},
pages = {231--240},
year = {2011},
}

@MISC{distribution-based_clustering,
author = {Jia Li},
title = {Mixture Models},
howpublished = {\\ \url{http://sites.stat.psu.edu/~jiali/course/stat597e/notes2/mix.pdf}},
note = {Accessed: 2014-06-22}
}

@book{k-means,
 author = {Tan, Pang-Ning and Steinbach, Michael and Kumar, Vipin},
 title = {Introduction to Data Mining, (First Edition)},
 year = {2005},
 isbn = {0321321367},
 publisher = {Addison-Wesley Longman Publishing Co., Inc.},
 address = {Boston, MA, USA},
} 

@article{spectral,
 author = {Shi, Jianbo and Malik, Jitendra},
 title = {Normalized Cuts and Image Segmentation},
 journal = {IEEE Trans. Pattern Anal. Mach. Intell.},
 issue_date = {August 2000},
 volume = {22},
 number = {8},
 month = aug,
 year = {2000},
 issn = {0162-8828},
 pages = {888--905},
 numpages = {18},
 url = {http://dx.doi.org/10.1109/34.868688},
 doi = {10.1109/34.868688},
 acmid = {351611},
 publisher = {IEEE Computer Society},
 address = {Washington, DC, USA},
 keywords = {Grouping, image segmentation, graph partitioning.},
} 

@article{ affinity,
author={Brendan J. Frey and Delbert Dueck},
title={Clustering by Passing Messages Between Data Points},
journal={Science},
volume={315},
pages={972--976},
year={2007},
url={www.psi.toronto.edu/affinitypropagation} 
}
    
@article{ward,
added-at = {2011-12-05T00:00:00.000+0100},
author = {Murtagh, Fionn and Legendre, Pierre},
biburl = {http://www.bibsonomy.org/bibtex/216396a85132f6a8c053860c6fe360390/dblp},
ee = {http://arxiv.org/abs/1111.6285},
interhash = {63d1ad4bc18dc868eb7f71a002fead70},
intrahash = {16396a85132f6a8c053860c6fe360390},
journal = {CoRR},
keywords = {dblp},
timestamp = {2011-12-05T00:00:00.000+0100},
title = {Ward's Hierarchical Clustering Method: Clustering Criterion and Agglomerative Algorithm},
url = {http://dblp.uni-trier.de/db/journals/corr/corr1111.html#abs-1111-6285},
volume = {abs/1111.6285},
year = 2011
}

@MISC{twitter_data,
author = {Karen Wickre},
title = {Celebrating Twitter7},
howpublished = {\\ \url{https://blog.twitter.com/2013/celebrating-twitter7}},
note = {Accessed: 2014-06-22}
}

@MISC{twitter_alexa,
author = {Alexa},
title = {twitter.com Site Overview},
howpublished = {\\ \url{http://www.alexa.com/siteinfo/twitter.com}},
note = {Accessed: 2014-06-22}
}

@MISC{twitter_auth,
author = {Twitter},
title = {Authentication \& Authorization | Twitter Developers},
howpublished = {\\ \url{https://dev.twitter.com/docs/auth}},
note = {Accessed: 2014-06-22}
}

@MISC{twitter_auth_faq,
author = {Twitter},
title = {OAuth FAQ | Twitter Developers},
howpublished = {\\ \url{https://dev.twitter.com/docs/auth/oauth/faq}},
note = {Accessed: 2014-06-22}
}

@MISC{twitter_doc,
author = {Twitter},
title = {Documentation | Twitter Developers},
howpublished = {\\ \url{https://dev.twitter.com/docs}},
note = {Accessed: 2014-06-22}
}

@inproceedings{datatxt_graph,
title = {Topical clustering of search results},
author  = {Ugo Scaiella and Paolo Ferragina and Andrea Marino and Massimiliano Ciaramita},
year  = 2012,
booktitle = {Proceedings of the fifth ACM international conference on Web search and data mining},
pages = {223--232},
address = {New York, NY, USA}
}
